<record><leader>00000cas a2200000 a 4500</leader><controlfield tag="001">51305524</controlfield><controlfield tag="008">030104d19uu19uuiluwr ne      0   a0eng c</controlfield><datafield ind1=" " ind2=" " tag="010"><subfield code="a">sn2002060893</subfield></datafield><datafield ind1=" " ind2=" " tag="040"><subfield code="a">CVF</subfield><subfield code="b">eng</subfield><subfield code="c">CVF</subfield><subfield code="d">OCLCQ</subfield><subfield code="d">NVF</subfield><subfield code="d">OCLCQ</subfield><subfield code="d">OCLCF</subfield><subfield code="d">NVF</subfield><subfield code="d">OCLCO</subfield><subfield code="d">OCL</subfield></datafield><datafield ind1=" " ind2=" " tag="042"><subfield code="a">pcc</subfield></datafield><datafield ind1=" " ind2=" " tag="043"><subfield code="a">n-us-il</subfield></datafield><datafield ind1="0" ind2="0" tag="245"><subfield code="a">Wilmette announcements.</subfield></datafield><datafield ind1=" " ind2=" " tag="260"><subfield code="a">Evanston, Ill. :</subfield><subfield code="b">Printing Studio</subfield></datafield><datafield ind1=" " ind2=" " tag="300"><subfield code="a">v.</subfield></datafield><datafield ind1=" " ind2=" " tag="310"><subfield code="a">Weekly</subfield></datafield><datafield ind1=" " ind2=" " tag="588"><subfield code="a">Description based on: 6th year, no. 17 (Dec. 28, 1918).</subfield></datafield><datafield ind1=" " ind2=" " tag="588"><subfield code="a">Latest issue consulted: 20th year, no. 16 (Dec. 2, 1932).</subfield></datafield><datafield ind1=" " ind2="0" tag="651"><subfield code="a">Wilmette (Ill.)</subfield><subfield code="v">Newspapers.</subfield></datafield><datafield ind1=" " ind2="0" tag="651"><subfield code="a">Kenilworth (Ill.)</subfield><subfield code="v">Newspapers.</subfield></datafield><datafield ind1=" " ind2="0" tag="651"><subfield code="a">Evanston (Ill.)</subfield><subfield code="v">Newspapers.</subfield></datafield><datafield ind1=" " ind2="7" tag="651"><subfield code="a">Illinois</subfield><subfield code="z">Evanston</subfield><subfield code="2">fast</subfield><subfield code="0">(OCoLC)fst01204903</subfield></datafield><datafield ind1=" " ind2="7" tag="651"><subfield code="a">Illinois</subfield><subfield code="z">Kenilworth.</subfield><subfield code="2">fast</subfield><subfield code="0">(OCoLC)fst01268144</subfield></datafield><datafield ind1=" " ind2="7" tag="651"><subfield code="a">Illinois</subfield><subfield code="z">Wilmette.</subfield><subfield code="2">fast</subfield><subfield code="0">(OCoLC)fst01202800</subfield></datafield><datafield ind1=" " ind2="7" tag="655"><subfield code="a">Newspapers.</subfield><subfield code="2">fast</subfield><subfield code="0">(OCoLC)fst01423814</subfield></datafield><datafield ind1=" " ind2=" " tag="752"><subfield code="a">United States</subfield><subfield code="b">Illinois</subfield><subfield code="c">Cook</subfield><subfield code="d">Evanston.</subfield></datafield><datafield ind1="0" ind2="4" tag="785"><subfield code="t">Wilmette life</subfield><subfield code="w">(DLC)sn 82003488</subfield><subfield code="w">(OCoLC)8711178</subfield></datafield><datafield ind1="1" ind2=" " tag="029"><subfield code="a">AU@</subfield><subfield code="b">000024428435</subfield></datafield></record>